% Encoding: UTF-8

@Misc{Williamson2014,
  author       = {David P. Williamson},
  title        = {The Traveling Salesman Problem: An Overview},
  year         = {2014},
  date         = {2014-01-21},
  language     = {English},
  howpublished = {Presentation},
  organization = {Cornell University Ebay Research},
}

@Article{B.Booba2014,
  author   = {B. Booba; Dr. T. V. Gopal},
  title    = {Comparison of Ant Colony Optimization \& Particle Swarm Optimization In Grid Scheduling},
  journal  = {Australian Journal of Basic and Applied Sciences},
  year     = {2014},
  date     = {2014-06-08},
  language = {English},
  pages    = {1-6},
}

@Book{Ullenboom2011,
  author    = {Christian Ullenboom},
  title     = {Java ist auch eine Insel},
  year      = {2011},
  subtitle  = {Das umfassende Handbuch},
  maintitle = {Java ist auch eine Insel},
  edition   = {10},
  publisher = {Galileo Press},
}

@TechReport{Smyth2007,
  author      = {Tamara Smyth},
  title       = {CMPT 126: Lecture 11 Collections: Abstract Data Types and Dynamic Representation},
  institution = {Simon Fraser University},
  year        = {2007},
  date        = {2007-10-30},
}

@Comment{jabref-meta: databaseType:biblatex;}
