% Encoding: UTF-8

@Article{a13,
  author = {a},
  year   = {13},
}

@Comment{jabref-meta: databaseType:biblatex;}
