% Encoding: UTF-8
@book{Gumm2011,
	author = {Gumm, Heinz-Peter AND Sommer, Manfred},
	year = {2011},
	title = {Einführung in die Informatik - },
	edition = {vollständig überarbeitete Auflage},
	isbn = {978-3-486-59711-0},
	publisher = {Oldenbourg},
	address = {Deutschland},
}
@Comment{jabref-meta: databaseType:bibtex;}
